<record><leader>00000cas a2200000 a 4500</leader><controlfield tag="001">51732065</controlfield><controlfield tag="008">030224d18811uuuiludn ne      0   a0eng c</controlfield><datafield ind1=" " ind2=" " tag="010"><subfield code="a">sn2002061152</subfield></datafield><datafield ind1=" " ind2=" " tag="040"><subfield code="a">NVF</subfield><subfield code="b">eng</subfield><subfield code="c">NVF</subfield><subfield code="d">OCLCQ</subfield><subfield code="d">NVF</subfield><subfield code="d">OCLCF</subfield><subfield code="d">OCLCO</subfield><subfield code="d">OCL</subfield></datafield><datafield ind1="1" ind2=" " tag="029"><subfield code="a">AU@</subfield><subfield code="b">000024458066</subfield></datafield><datafield ind1=" " ind2=" " tag="042"><subfield code="a">pcc</subfield></datafield><datafield ind1=" " ind2=" " tag="043"><subfield code="a">n-us-il</subfield></datafield><datafield ind1="0" ind2=" " tag="130"><subfield code="a">El Paso daily journal (El Paso, Ill. : 1881)</subfield></datafield><datafield ind1="1" ind2="0" tag="245"><subfield code="a">El Paso daily journal.</subfield></datafield><datafield ind1=" " ind2=" " tag="260"><subfield code="a">El Paso, Ill. :</subfield><subfield code="b">[s.n.],</subfield><subfield code="c">1881-[1---?]</subfield></datafield><datafield ind1=" " ind2=" " tag="300"><subfield code="a">v.</subfield></datafield><datafield ind1=" " ind2=" " tag="310"><subfield code="a">Daily (during the annual El Paso fair),</subfield><subfield code="b">&lt;Sept. 12, 1882&gt;-</subfield></datafield><datafield ind1=" " ind2=" " tag="321"><subfield code="a">Daily (during the annual El Paso fair),</subfield><subfield code="b">Sept. 12-15, 1881</subfield></datafield><datafield ind1=" " ind2=" " tag="321"><subfield code="a">Daily (except Monday),</subfield><subfield code="b">&lt;Jan. 17, 1881&gt;-&lt;Feb. 5, 1882&gt;</subfield></datafield><datafield ind1="0" ind2=" " tag="362"><subfield code="a">Vol. 1, no. 1 (Sept. 12, 1881)-</subfield></datafield><datafield ind1=" " ind2=" " tag="515"><subfield code="a">Daily issues, Jan. 17-Feb. 5, 1882 have their own numbering.</subfield></datafield><datafield ind1=" " ind2=" " tag="580"><subfield code="a">Weekly ed.: El Paso journal (El Paso, Ill. : 1873).</subfield></datafield><datafield ind1=" " ind2=" " tag="580"><subfield code="a">Semiweekly ed.: Semi-weekly journal (El Paso, Ill.), &lt;1883&gt;.</subfield></datafield><datafield ind1=" " ind2=" " tag="588"><subfield code="a">Latest issue consulted: Vol. 7, no. 2 (Sept. 21, 1887).</subfield></datafield><datafield ind1=" " ind2="0" tag="650"><subfield code="a">Agricultural exhibitions</subfield><subfield code="z">Illinois</subfield><subfield code="z">El Paso</subfield><subfield code="v">Newspapers.</subfield></datafield><datafield ind1=" " ind2="0" tag="650"><subfield code="a">Fairs</subfield><subfield code="z">Illinois</subfield><subfield code="z">El Paso</subfield><subfield code="v">Newspapers.</subfield></datafield><datafield ind1=" " ind2="0" tag="651"><subfield code="a">El Paso (Ill.)</subfield><subfield code="v">Newspapers.</subfield></datafield><datafield ind1=" " ind2="7" tag="655"><subfield code="a">Newspapers.</subfield><subfield code="2">fast</subfield><subfield code="0">(OCoLC)fst01423814</subfield></datafield><datafield ind1=" " ind2="7" tag="650"><subfield code="a">Agricultural exhibitions.</subfield><subfield code="2">fast</subfield><subfield code="0">(OCoLC)fst00800761</subfield></datafield><datafield ind1=" " ind2="7" tag="650"><subfield code="a">Fairs.</subfield><subfield code="2">fast</subfield><subfield code="0">(OCoLC)fst00919892</subfield></datafield><datafield ind1=" " ind2="7" tag="651"><subfield code="a">Illinois</subfield><subfield code="z">El Paso.</subfield><subfield code="2">fast</subfield><subfield code="0">(OCoLC)fst01217736</subfield></datafield><datafield ind1=" " ind2=" " tag="752"><subfield code="a">United States</subfield><subfield code="b">Illinois</subfield><subfield code="c">Woodford</subfield><subfield code="d">El Paso.</subfield></datafield><datafield ind1="1" ind2=" " tag="775"><subfield code="t">El Paso journal (El Paso, Ill. : 1873)</subfield><subfield code="w">(DLC)sn 84038432</subfield><subfield code="w">(OCoLC)11310152</subfield></datafield><datafield ind1="1" ind2=" " tag="775"><subfield code="t">Semi-weekly journal (El Paso, Ill.)</subfield><subfield code="w">(DLC)sn2002061154</subfield><subfield code="w">(OCoLC)51758657</subfield></datafield><datafield ind1="0" ind2="0" tag="785"><subfield code="t">El Paso journal (El Paso, Ill. : 1888)</subfield><subfield code="w">(DLC)sn 90054628</subfield><subfield code="w">(OCoLC)22377276</subfield></datafield></record>